@article{li2013aligning,
  title={Aligning sequence reads, clone sequences and assembly contigs with BWA-MEM},
  author={Li, Heng},
  journal={arXiv preprint arXiv:1303.3997},
  year={2013}
}

@article{li2018minimap2,
  title={Minimap2: pairwise alignment for nucleotide sequences},
  author={Li, Heng},
  journal={Bioinformatics},
  volume={1},
  pages={7},
  year={2018},
  publisher={Oxford University Press}
}

@article{kielbasa2011adaptive,
  title={Adaptive seeds tame genomic sequence comparison},
  author={Kielbasa, Szymon M and Wan, Raymond and Sato, Kengo and Horton, Paul and Frith, Martin},
  journal={Genome research},
  pages={gr--113985},
  year={2011},
  publisher={Cold Spring Harbor Lab}
}

@article{li2009sequence,
  title={The sequence alignment/map format and SAMtools},
  author={Li, Heng and Handsaker, Bob and Wysoker, Alec and Fennell, Tim and Ruan, Jue and Homer, Nils and Marth, Gabor and Abecasis, Goncalo and Durbin, Richard},
  journal={Bioinformatics},
  volume={25},
  number={16},
  pages={2078--2079},
  year={2009},
  publisher={Oxford University Press}
}

@article{seshan2010dnacopy,
  title={DNAcopy: a package for analyzing DNA copy data},
  author={Seshan, Venkatraman E and Olshen, Adam B and others},
  year={2010}
}

@article{baslan2012genome,
  title={Genome-wide copy number analysis of single cells},
  author={Baslan, Timour and Kendall, Jude and Rodgers, Linda and Cox, Hilary and Riggs, Mike and Stepansky, Asya and Troge, Jennifer and Ravi, Kandasamy and Esposito, Diane and Lakshmi, B and others},
  journal={Nature protocols},
  volume={7},
  number={6},
  pages={1024},
  year={2012},
  publisher={Nature Publishing Group}
}

@Inbook{kendall2014computational,
author="Kendall, Jude
and Krasnitz, Alexander",
editor="Wajapeyee, Narendra",
title="Computational Methods for DNA Copy-Number Analysis of Tumors",
bookTitle="Cancer Genomics and Proteomics: Methods and Protocols",
year="2014",
publisher="Springer New York",
address="New York, NY",
pages="243--259"
}

@article{gerdtsson2018multiplex,
  title={Multiplex protein detection on circulating tumor cells from liquid biopsies using imaging mass cytometry},
  author={Gerdtsson, Erik and Pore, Milind and Thiele, Jana-Aletta and Gerdtsson, Anna Sandstr{\"o}m and Malihi, Paymaneh D and Nevarez, Rafael and Kolatkar, Anand and Velasco, Carmen Ruiz and Wix, Sophia and Singh, Mohan and others},
  journal={Convergent Science Physical Oncology},
  volume={4},
  number={1},
  pages={015002},
  year={2018},
  publisher={IOP Publishing}
}

@article{malihi2018clonal,
  title={Clonal diversity revealed by morphoproteomic and copy number profiles of single prostate cancer cells at diagnosis},
  author={Malihi, Paymaneh D and Morikado, Michael and Welter, Lisa and Liu, Sandy T and Miller, Eric T and Cadaneanu, Radu M and Knudsen, Beatrice S and Lewis, Michael S and Carlsson, Anders and Velasco, Carmen Ruiz and others},
  journal={Convergent Science Physical Oncology},
  volume={4},
  number={1},
  pages={015003},
  year={2018},
  publisher={IOP Publishing}
}

@article{olshen2004circular,
  title={Circular binary segmentation for the analysis of array-based DNA copy number data},
  author={Olshen, Adam B and Venkatraman, ES and Lucito, Robert and Wigler, Michael},
  journal={Biostatistics},
  volume={5},
  number={4},
  pages={557--572},
  year={2004},
  publisher={Biometrika Trust}
}
